<record><leader>00000cas a2200000 a 4500</leader><controlfield tag="001">11956856</controlfield><controlfield tag="008">850424d19321972ksucr ne      0    0eng d</controlfield><datafield ind1=" " ind2=" " tag="010"><subfield code="a">sn 85030189 </subfield></datafield><datafield ind1=" " ind2=" " tag="040"><subfield code="a">KSH</subfield><subfield code="b">eng</subfield><subfield code="c">KSH</subfield><subfield code="d">NPT</subfield><subfield code="d">OCL</subfield><subfield code="d">OCLCQ</subfield></datafield><datafield ind1=" " ind2=" " tag="042"><subfield code="a">msc</subfield></datafield><datafield ind1="0" ind2=" " tag="130"><subfield code="a">Emporia times (Emporia, Kan. : 1932)</subfield></datafield><datafield ind1="1" ind2="4" tag="245"><subfield code="a">The Emporia times.</subfield></datafield><datafield ind1=" " ind2=" " tag="260"><subfield code="a">Emporia, Kan. :</subfield><subfield code="b">Theodore W. Morse, Mae Clausen, and Frank Wilson,</subfield><subfield code="c">1932-</subfield></datafield><datafield ind1=" " ind2=" " tag="300"><subfield code="a">v. :</subfield><subfield code="b">ill. ;</subfield><subfield code="c">54 cm.</subfield></datafield><datafield ind1=" " ind2=" " tag="310"><subfield code="a">Semiweekly</subfield></datafield><datafield ind1="0" ind2=" " tag="362"><subfield code="a">Vol. 53, no. 33 (Sept. 8, 1932)-</subfield></datafield><datafield ind1="1" ind2=" " tag="362"><subfield code="a">Ceased in 1972?</subfield></datafield><datafield ind1=" " ind2=" " tag="500"><subfield code="a">Special "Times Advertiser Merchants Edition" issued July 31, 1967.</subfield></datafield><datafield ind1=" " ind2=" " tag="500"><subfield code="a">Publisher varies.</subfield></datafield><datafield ind1=" " ind2=" " tag="752"><subfield code="a">United States</subfield><subfield code="b">Kansas</subfield><subfield code="c">Lyon</subfield><subfield code="d">Emporia.</subfield></datafield><datafield ind1="0" ind2="0" tag="780"><subfield code="t">Emporia Lyon County times</subfield><subfield code="w">(DLC)sn 85030185</subfield></datafield><datafield ind1="0" ind2="5" tag="785"><subfield code="t">Northern Lyon County journal (Allen, Kan.)</subfield><subfield code="g">Dec. 29, 1955</subfield><subfield code="w">(DLC)sn 85030165</subfield></datafield></record>